@misc{pizza_tutorial_pdf, title={Protege 5 New OWL Pizza Tutorial V3.2.pdf}, url={https://drive.google.com/file/d/1A3Y8T6nIfXQ_UQOpCAr_HFSCwpTqELeP/view}, journal={Google Docs}, author={DeBellis, Michael}, year={2021}}

@misc{pizza_tutorial_site, title={New Protégé Pizza Tutorial}, url={https://www.michaeldebellis.com/post/new-protege-pizza-tutorial}, journal={Michaeldebellis.com}, author={DeBellis, Michael}, year={2021}}
